<?xml version="1.0" encoding="UTF-8"?><collection xmlns="http://www.loc.gov/MARC21/slim"><record><leader>00437nam--2200169-i-4500</leader><controlfield tag="001">000004566</controlfield><controlfield tag="002">20161230</controlfield><controlfield tag="005">20170115013645</controlfield><controlfield tag="008">060222s1000------------r-----000-0-eng-d</controlfield><datafield ind1=" " ind2=" " tag="020"><subfield code="a">9</subfield></datafield><datafield ind1=" " ind2=" " tag="100"><subfield code="a">Aakrog, A</subfield></datafield><datafield ind1=" " ind2=" " tag="245"><subfield code="a">Enviromental Radioactivity At Riso</subfield></datafield><datafield ind1=" " ind2=" " tag="260"><subfield code="a">Riso</subfield><subfield code="b">Roskilde, Library, Danish Atomic Energy Commission</subfield><subfield code="c">1959</subfield></datafield><datafield ind1=" " ind2=" " tag="300"><subfield code="a">50 p</subfield></datafield><datafield ind1=" " ind2=" " tag="490"><subfield code="a">Riso Report</subfield></datafield><datafield ind1=" " ind2=" " tag="700"><subfield code="a">Lippert, J</subfield></datafield><datafield ind1=" " ind2=" " tag="CAT"><subfield code="a">SYS</subfield><subfield code="c">20170115</subfield><subfield code="h">013645</subfield></datafield></record></collection>